<?xml version="1.0" encoding="UTF-8"?><collection><record><leader>07014ntm a2200673 a 4500</leader><controlfield tag="001">006822055</controlfield><controlfield tag="003">MiAaHDL</controlfield><controlfield tag="005">20190719000000.0</controlfield><controlfield tag="006">m        d        </controlfield><controlfield tag="007">cr bn ---auaua</controlfield><controlfield tag="008">090623q16631699xx            00| ||ota d</controlfield><datafield tag="035" ind1=" " ind2=" "><subfield code="a">(MiU)006822055</subfield></datafield><datafield tag="035" ind1=" " ind2=" "><subfield code="a">sdr-miu006822055</subfield></datafield><datafield tag="040" ind1=" " ind2=" "><subfield code="a">MiU</subfield><subfield code="c">MiU</subfield><subfield code="e">amremm</subfield></datafield><datafield tag="041" ind1="0" ind2=" "><subfield code="a">ota</subfield></datafield><datafield tag="043" ind1=" " ind2=" "><subfield code="a">n-us-mi</subfield><subfield code="a">a-tu</subfield><subfield code="a">e-xo</subfield><subfield code="a">e-hu</subfield></datafield><datafield tag="100" ind1="0" ind2=" "><subfield code="6">880-01</subfield><subfield code="a">Katip Mustafa Zühtü,</subfield><subfield code="d">fl. 1663.</subfield></datafield><datafield tag="245" ind1="1" ind2="0"><subfield code="6">880-03</subfield><subfield code="a">Ravzatü'l-guzza,</subfield><subfield code="f">[17th century].</subfield></datafield><datafield tag="246" ind1="3" ind2=" "><subfield code="a">Rawḍat al-ghuzāh</subfield></datafield><datafield tag="246" ind1="3" ind2=" "><subfield code="a">Ravzat ül-guzat</subfield></datafield><datafield tag="246" ind1="3" ind2=" "><subfield code="a">Müsvedde-yi Kitab-i Ravzatü'l-guzza</subfield></datafield><datafield tag="246" ind1="3" ind2=" "><subfield code="6">880-04</subfield><subfield code="i">Title from inscription on 'title page' (p.1) and at opening (p.2):</subfield><subfield code="a">مسودة كتاب روضة الغزا</subfield></datafield><datafield tag="260" ind1=" " ind2=" "><subfield code="c">[1663-1699?].</subfield></datafield><datafield tag="300" ind1=" " ind2=" "><subfield code="a">84 leaves :</subfield><subfield code="b">paper ;</subfield><subfield code="c">253 x 160 (178 x 96) mm.</subfield></datafield><datafield tag="500" ind1=" " ind2=" "><subfield code="a">Shelfmark: Ann Arbor, University of Michigan, Special Collections Library, Isl. Ms. 383</subfield></datafield><datafield tag="500" ind1=" " ind2=" "><subfield code="a">Origin: Lacks dated colophon ; İsmail Paşa claims in Īḍāḥ al-maknūn (Keşfe'l-zunun zeyli) that Katip Mustafa completed the composition in 1070 [1659 or 60] but material addressed in the text suggests a dating after 1663 (see p.35, etc.) ; paper certainly suggests 17th century.</subfield></datafield><datafield tag="500" ind1=" " ind2=" "><subfield code="a">Accompanying materials: Torn scrap with depiction of pyramid and Sphinx at Giza in gold on one side and text in Greek on the other side (paginated pp.135-136).</subfield></datafield><datafield tag="500" ind1=" " ind2=" "><subfield code="a">Former shelfmark: "۳۲۳" inscribed in ink in label on upper cover ; "78 T. De M. [i.e. Tammaro De Marinis]" inscribed in pencil on recto of front flyleaf.</subfield></datafield><datafield tag="500" ind1=" " ind2=" "><subfield code="a">Binding: Pasteboards (quite thin, semi-limp) covered in dark red-brown leather with recycled paper and linen repair over spine (possibly to reattach upper cover, now detached from textblock with spine leather visible underneath) ; Type III binding (without flap) ; board linings (doublures) in an elegant marbled paper (mainly in blue, pink, orange, light green, etc.), hinges in a different marbled paper ; upper and lower covers carry stamped and gold-painted lozenge-shaped central ornament and tooled border ; sewn in light pink and blue thread, two stations ; overall in somewhat poor condition with abrasion, staining, etc.</subfield></datafield><datafield tag="500" ind1=" " ind2=" "><subfield code="a">Support: European laid paper ; mainly with 9 laid lines per cm. (horizontal), chain lines spaced 25-27 mm. apart (vertical), and watermark of paschal lamb in four-lobed circle watermark (see p.2, 32, 96, etc. and compare Piccard inv. J 340/no. 86802 / Venice 1662 and Heawood 2840 / Verona 1678, and "agneau pascal" marks nos.1-24 / 1635-1670 in Velkov, Les filigranes dans les documents ottomans), burnished, sturdy and mainly cream in color with some leaves tinted pale pink ; flyleaves and occasional leaves within the gatherings (carrying text in the same hand) with 6 laid lines per cm. (horizontal), chain lines spaced 26-27 mm. apart (vertical), and watermark of crown-star-crescent (80 mm. long parallel to chains, see front flyleaf, p.16, 134, etc.).</subfield></datafield><datafield tag="500" ind1=" " ind2=" "><subfield code="a">Decoration: Keywords chrysographed ; section headings rubricated ; excerpts from Qurʼān, etc. overlined in red ; written area surrounded by gold frame defined by black fillets ; textual dividers in the form of gold discs and red inverted commas (in threes).</subfield></datafield><datafield tag="500" ind1=" " ind2=" "><subfield code="a">Script: Dīvānī and naskh ; elegant hand ; serifs, looped descenders and many letterforms characteristic of dīvānī script, freely though not excessively ligatured with effect of words descending to baseline ; extensively vocalized ; Qurʼānic passages, etc. in naskh.</subfield></datafield><datafield tag="500" ind1=" " ind2=" "><subfield code="a">Layout: Written in 13 lines per page ; frame-ruled.</subfield></datafield><datafield tag="500" ind1=" " ind2=" "><subfield code="a">Collation: ii, III+5 (11), 6 V(71), I+1 (74), V (84) ; chiefly quinions ; final leaves left blank ; a few lacuna for rubricated headings, etc., in one case empty written area crossed through with red ink, see pp.137-138 ; catchwords present ; pagination in pencil, Western numerals, supplied during digitization.</subfield></datafield><datafield tag="500" ind1=" " ind2=" "><subfield code="a">Incipit: "حمد وسپاس وشكر بى قياس اول منشئ مناشير صحايف ارض وسما ... امانتى [؟] مشار اليه فاضل احمد پاشا حضرتلينه تفويض بيوريلوب وفقير وحقير واهب طريق انشا وراغب دلع املا كاتب مصطفى زهدى ... روضة الغزا اسميله تسميه ومرسوم ... دور بيان جنك استورغون وفتح قلعۀ اويوار خير اثار"</subfield></datafield><datafield tag="500" ind1=" " ind2=" "><subfield code="a">Title from opening matter on p.14.</subfield></datafield><datafield tag="500" ind1=" " ind2=" "><subfield code="a">Ms. codex.</subfield></datafield><datafield tag="510" ind1="4" ind2=" "><subfield code="a">Velkov, Asparouh. Les Filigranes dans les documents Ottomans: divers types d’images. Sofia: Éditions "Texte - A. Trayanov", 2005.</subfield></datafield><datafield tag="510" ind1="4" ind2=" "><subfield code="a">İsmail Paşa. Īḍāḥ al-maknūn,</subfield><subfield code="c">1/596</subfield></datafield><datafield tag="520" ind1="8" ind2=" "><subfield code="a">Elegant, yet possibly draft copy (müsvedde / مسوده, see inscriptions on pp.1 and 2), of a brief history by Katip Mustafa Zühtü ( Kātib Muṣṭafá Zuhdī ) addressing Ottoman military campaigns against the Habsburg Empire, namely the campaigns of Köprülüzade Fazıl Ahmed Paşa (d.1676), including the taking of the fortress of Nové Zámky (Uyvar) in 1073 (24 Dhū al-Ḥijjah 1073/30 July 1663). Appears to include the text of Tarih-i Uyvar (compare Istanbul University TY2488).</subfield></datafield><datafield tag="538" ind1=" " ind2=" "><subfield code="a">Mode of access: Internet.</subfield></datafield><datafield tag="541" ind1=" " ind2=" "><subfield code="c">Purchase ;</subfield><subfield code="a">Acquired by purchase (funds donated by Horace Rackham).</subfield><subfield code="d">1924.</subfield></datafield><datafield tag="546" ind1=" " ind2=" "><subfield code="a">Ottoman Turkish.</subfield></datafield><datafield tag="561" ind1=" " ind2=" "><subfield code="a">Inscriptions in ink and pencil on upper cover "۳۲۳" and front flyleaf "78 T. De M. [i.e. Tammaro De Marinis]" ; several statements on p.162 including birth notices with dates Ṣafar 1096 [January 1685] and Jumādá I 1108 [November-December 1696] ; ownership statement on back flyleaf in name of one Ömer Efendi (عمر افندى / ʻUmar Afandī) "صاحب ومالك عمر افندى حضرتلى" ; interlinear (mainly strikethroughs) and marginal corrections.</subfield></datafield><datafield tag="600" ind1="0" ind2="0"><subfield code="a">Köprülü Fazıl Ahmed Paşa,</subfield><subfield code="d">1635-1676</subfield><subfield code="v">Early works to 1800.</subfield></datafield><datafield tag="650" ind1=" " ind2="0"><subfield code="a">Manuscripts, Turkish</subfield><subfield code="z">Michigan</subfield><subfield code="z">Ann Arbor.</subfield></datafield><datafield tag="650" ind1=" " ind2="0"><subfield code="a">Turks</subfield><subfield code="z">Slovakia</subfield><subfield code="x">History</subfield><subfield code="y">17th century.</subfield></datafield><datafield tag="650" ind1=" " ind2="0"><subfield code="a">Austro-Turkish War, 1661-1664</subfield><subfield code="x">Campaigns</subfield><subfield code="v">Early works to 1800.</subfield></datafield><datafield tag="650" ind1=" " ind2="0"><subfield code="a">Viziers</subfield><subfield code="z">Turkey</subfield><subfield code="v">Biography</subfield><subfield code="v">Early works to 1800.</subfield></datafield><datafield tag="651" ind1=" " ind2="0"><subfield code="a">Turkey</subfield><subfield code="x">History</subfield><subfield code="y">Mehmed IV, 1648-1687</subfield><subfield code="v">Early works to 1800.</subfield></datafield><datafield tag="651" ind1=" " ind2="0"><subfield code="a">Hungary</subfield><subfield code="x">History</subfield><subfield code="y">Turkish occupation, 1526-1699</subfield><subfield code="v">Early works to 1800.</subfield></datafield><datafield tag="651" ind1=" " ind2="0"><subfield code="a">Esztergom (Hungary)</subfield><subfield code="x">History</subfield><subfield code="v">Early works to 1800.</subfield></datafield><datafield tag="651" ind1=" " ind2="0"><subfield code="a">Nové Zámky (Slovakia)</subfield><subfield code="x">History</subfield><subfield code="v">Early works to 1800.</subfield></datafield><datafield tag="651" ind1=" " ind2="0"><subfield code="a">Turkey</subfield><subfield code="x">History, Military</subfield><subfield code="v">Early works to 1800.</subfield></datafield><datafield tag="700" ind1="0" ind2=" "><subfield code="a">Abdülhamid</subfield><subfield code="b">II,</subfield><subfield code="c">Sultan of the Turks,</subfield><subfield code="d">1842-1918,</subfield><subfield code="e">former owner.</subfield></datafield><datafield tag="773" ind1="0" ind2=" "><subfield code="a">Abdul Hamid Collection.</subfield></datafield><datafield tag="880" ind1="3" ind2=" "><subfield code="6">246-04/</subfield><subfield code="a">Musawwadat Kitāb Rawḍat al-ghuzāh</subfield></datafield><datafield tag="880" ind1="1" ind2="0"><subfield code="6">245-03/</subfield><subfield code="a">روضة الغزا,</subfield><subfield code="f">[القرن 17م].</subfield></datafield><datafield tag="880" ind1="0" ind2=" "><subfield code="6">100-01/</subfield><subfield code="a">كاتب مصطفى زهدى.</subfield></datafield><datafield tag="CID" ind1=" " ind2=" "><subfield code="a">006822055</subfield></datafield><datafield tag="DAT" ind1="0" ind2=" "><subfield code="a">20190719102640.0</subfield><subfield code="b">20190719000000.0</subfield></datafield><datafield tag="DAT" ind1="1" ind2=" "><subfield code="a">20190719090653.0</subfield><subfield code="b">2019-07-19T16:12:25Z</subfield></datafield><datafield tag="DAT" ind1="2" ind2=" "><subfield code="a">2015-10-02T18:00:03Z</subfield></datafield><datafield tag="CAT" ind1=" " ind2=" "><subfield code="a">SDR-MIU</subfield><subfield code="d">EX LIBRIS - ALEPH</subfield><subfield code="l">prepare.pl-004-008</subfield></datafield><datafield tag="FMT" ind1=" " ind2=" "><subfield code="a">BK</subfield></datafield><datafield tag="HOL" ind1=" " ind2=" "><subfield code="0">sdr-miu006822055</subfield><subfield code="a">MiU</subfield><subfield code="b">SDR</subfield><subfield code="c">MIU</subfield><subfield code="p">mdp.39015079130509</subfield><subfield code="s">MIU</subfield><subfield code="1">006822055</subfield></datafield><datafield tag="974" ind1=" " ind2=" "><subfield code="b">MIU</subfield><subfield code="c">MIU</subfield><subfield code="d">20190719</subfield><subfield code="s">lit-dlps-dc</subfield><subfield code="u">mdp.39015079130509</subfield><subfield code="y">1699</subfield><subfield code="r">pd</subfield><subfield code="q">bib</subfield><subfield code="t">non-US bib date2 &lt; 1879</subfield></datafield></record></collection>